<record xmlns="http://www.loc.gov/MARC21/slim" xmlns:xsi="http://www.w3.org/2001/XMLSchema-instance" xsi:schemaLocation="http://www.loc.gov/MARC21/slim http://www.loc.gov/standards/marcxml/schema/MARC21slim.xsd"><leader>02303nam a2200421   4500</leader><controlfield tag="001">3063514</controlfield><controlfield tag="003">NNC</controlfield><controlfield tag="006">m        d        </controlfield><controlfield tag="007">cr cn |||m|||a</controlfield><controlfield tag="008">150110s1956    xx      o     000 0 ara  </controlfield><datafield ind1=" " ind2=" " tag="040"><subfield code="a">NNU</subfield><subfield code="b">eng</subfield><subfield code="e">rda</subfield><subfield code="c">NNU</subfield></datafield><datafield ind1=" " ind2="4" tag="050"><subfield code="a">BP166</subfield><subfield code="b">.I43 1956</subfield></datafield><datafield ind1="1" ind2=" " tag="100"><subfield code="6">880-01</subfield><subfield code="a">H&#803;arra&#772;ni&#772;, al-H&#803;asan ibn &#699;Ali&#772;,</subfield><subfield code="d">active 10th century.</subfield></datafield><datafield ind1="1" ind2="0" tag="245"><subfield code="6">880-02</subfield><subfield code="a">Tuh&#803;af al-&#699;uqu&#772;l &#699;an a&#772;l al-rasu&#772;l /</subfield><subfield code="c">alafahu Abu&#772; Muh&#803;ammad al-H&#803;asan bin &#699;Ali&#772; bin Shu&#699;bah al-H&#803;ara&#772;ni&#772; ; &#699;aniya binashrih wa tas&#803;h&#803;i&#772;h&#803;ih wa al-ta&#699;li&#772;q &#699;alih &#699;Ali&#772; Akbar al-Ghafa&#772;ri&#772;.</subfield></datafield><datafield ind1=" " ind2=" " tag="260"><subfield code="6">880-03</subfield><subfield code="a">T&#803;ahra&#772;n :</subfield><subfield code="b">maktabat al-S&#803;adu&#772;q,</subfield><subfield code="c">1376 [1956 or 1957]</subfield></datafield><datafield ind1=" " ind2=" " tag="300"><subfield code="a">online resource (12, 535 pages)</subfield></datafield><datafield ind1=" " ind2=" " tag="336"><subfield code="a">text</subfield><subfield code="2">rdacontent</subfield></datafield><datafield ind1=" " ind2=" " tag="337"><subfield code="a">computer</subfield><subfield code="2">rdamedia</subfield></datafield><datafield ind1=" " ind2=" " tag="338"><subfield code="a">online resource</subfield><subfield code="2">rdacarrier</subfield></datafield><datafield ind1=" " ind2=" " tag="500"><subfield code="a">Romanized.</subfield></datafield><datafield ind1=" " ind2=" " tag="500"><subfield code="a">Part of the Arabic Collections Online (ACO) project, contributed by Columbia University Libraries.</subfield></datafield><datafield ind1=" " ind2=" " tag="533"><subfield code="a">Electronic reproduction.</subfield><subfield code="b">New York, N.Y. :</subfield><subfield code="c">New York University,</subfield><subfield code="d">2015.</subfield><subfield code="5">NNU</subfield></datafield><datafield ind1=" " ind2="0" tag="650"><subfield code="a">Islam</subfield><subfield code="x">Doctrines.</subfield></datafield><datafield ind1=" " ind2="0" tag="650"><subfield code="a">Shiites.</subfield></datafield><datafield ind1=" " ind2="7" tag="650"><subfield code="a">Islam</subfield><subfield code="x">Doctrines.</subfield><subfield code="2">fast</subfield><subfield code="0">(OCoLC)fst00979787</subfield></datafield><datafield ind1=" " ind2="7" tag="650"><subfield code="a">Shiites.</subfield><subfield code="2">fast</subfield><subfield code="0">(OCoLC)fst01115976</subfield></datafield><datafield ind1="1" ind2=" " tag="700"><subfield code="6">880-04</subfield><subfield code="a">Ghaffa&#772;ri&#772;, &#699;Ali&#772; Akbar.</subfield></datafield><datafield ind1="2" ind2=" " tag="710"><subfield code="a">Columbia University.</subfield><subfield code="b">Libraries.</subfield></datafield><datafield ind1="0" ind2=" " tag="730"><subfield code="a">Arabic Collections Online.</subfield></datafield><datafield ind1="0" ind2="8" tag="776"><subfield code="i">Online version:</subfield><subfield code="a">H&#803;arra&#772;ni&#772;, al-H&#803;asan ibn &#699;Ali&#772;, 10th cent.</subfield><subfield code="t">Tuh&#803;af al-&#699;uqu&#772;l &#699;an a&#772;l al-ras&#803;u&#772;l.</subfield><subfield code="d">[1956/57]</subfield><subfield code="w">(OCoLC)643822699</subfield></datafield><datafield ind1="0" ind2="8" tag="776"><subfield code="i">Print version:</subfield><subfield code="a">H&#803;arra&#772;ni&#772;, al-H&#803;asan ibn &#699;Ali&#772;, active 10th century.</subfield><subfield code="t">Tuh&#803;af al-&#699;uqu&#772;l &#699;an a&#772;l al-rasu&#772;l</subfield><subfield code="w">(NNC)3063514</subfield><subfield code="w">(DLC)ne 63000640 </subfield><subfield code="w">(OCoLC)23501272</subfield></datafield><datafield ind1="4" ind2="0" tag="856"><subfield code="u">http://hdl.handle.net/2333.1/sn02v8sw</subfield></datafield><datafield ind1="1" ind2=" " tag="880"><subfield code="6">100-01/r</subfield><subfield code="a">&#1581;&#1585;&#1575;&#1606;&#1610;&#1548; &#1575;&#1604;&#1581;&#1587;&#1606; &#1576;&#1606; &#1593;&#1604;&#1610;.</subfield></datafield><datafield ind1="1" ind2="0" tag="880"><subfield code="6">245-02/r</subfield><subfield code="a">&#1578;&#1581;&#1601; &#1575;&#1604;&#1593;&#1602;&#1608;&#1604; &#1593;&#1606; &#1570;&#1604; &#1575;&#1604;&#1585;&#1587;&#1608;&#1604; /</subfield><subfield code="c">&#1575;&#1604;&#1601;&#1607; &#1575;&#1576;&#1608; &#1605;&#1581;&#1605;&#1583; &#1575;&#1604;&#1581;&#1587;&#1606; &#1576;&#1606; &#1593;&#1604;&#1610; &#1576;&#1606; &#1588;&#1593;&#1576;&#1577; &#1575;&#1604;&#1581;&#1585;&#1575;&#1606;&#1610; &#1563; &#1593;&#1606;&#1610; &#1576;&#1606;&#1588;&#1585;&#1607; &#1608; &#1578;&#1589;&#1581;&#1610;&#1581;&#1607; &#1608; &#1575;&#1604;&#1578;&#1593;&#1604;&#1610;&#1602; &#1593;&#1604; &#1593;&#1604;&#1610; &#1575;&#1603;&#1576;&#1585; &#1575;&#1604;&#1594;&#1601;&#1575;&#1585;&#1610;.</subfield></datafield><datafield ind1=" " ind2=" " tag="880"><subfield code="6">260-03/r</subfield><subfield code="a">&#1578;&#1607;&#1585;&#1575;&#1606; :</subfield><subfield code="b">&#1605;&#1603;&#1578;&#1576;&#1577; &#1575;&#1604;&#1589;&#1583;&#1608;&#1602;&#1548;</subfield><subfield code="c">1376 [1956 &#1571;&#1608; 1957]</subfield></datafield><datafield ind1="1" ind2=" " tag="880"><subfield code="6">700-04/r</subfield><subfield code="a">&#1594;&#1601;&#1575;&#1585;&#1610;&#1548; &#1593;&#1604;&#1610; &#1571;&#1603;&#1576;&#1585;.</subfield></datafield><datafield ind1=" " ind2=" " tag="959"><subfield code="a">NNU</subfield><subfield code="b">WEB</subfield><subfield code="c">GENI</subfield><subfield code="t">0</subfield><subfield code="m">Electronic access</subfield><subfield code="s">01</subfield></datafield><datafield ind1=" " ind2=" " tag="999"><subfield code="i">NNC_3063514</subfield><subfield code="o">(OCoLC)23501272</subfield></datafield></record>